@article{Zheng2018InteractiveCO,
  title={Simulation of the performance and scalability of message passing interface (MPI) communications of atmospheric models running on exascale supercomputers},
  author={Y. Zheng and P. Marguinaud},
  journal={Geoscientific Model Development},
  year={2018},
  volume={11},
  pages={3409-3426}
}

@article{hoefler2014overview,
  title={An overview of topology mapping algorithms and techniques in high-performance computing},
  author={Hoefler, Torsten and Jeannot, Emmanuel and Mercier, Guillaume},
  journal={High-Performance Computing on Complex Environments},
  volume={95},
  pages={75},
  year={2014},
  publisher={Wiley Online Library}
}

@inproceedings{bezrukov2018machine,
  title={Machine Learning Techniques for Detecting Supercomputer Applications with Abnormal Behavior},
  author={Bezrukov, Alexander and Kokarev, Mikhail and Shaykhislamov, Denis and Voevodin, Vadim and Zhumatiy, Sergey},
  booktitle={International Conference on Parallel Computational Technologies},
  pages={31--46},
  year={2018},
  organization={Springer}
}

@article{Meuer2013SupercomputersP,
  title={Supercomputers - Prestige Objects or Crucial Tools for Science and Industry?},
  author={Hans Werner Meuer and Horst Gietl},
  journal={Prax. Inf.verarb. Kommun.},
  year={2013},
  volume={36},
  pages={117-128}
}

@inproceedings{distributed_operating_systems_course,
  title={Курс лекций "Распределенные ОС"},
  author={Крюков В.А.},
  booktitle={Операционные системы распределенных вычислительных систем},
  pages={31--46},
  year={2001},
  organization={Лаборатория Параллельных Информационных Технологий, НИВЦ МГУ}
}

@electronic{Open_Forecast_HPC_Model_M04,
  title = {Open Forecast – HPC Model -- URL:},
  url = {https://open-forecast.eu/wp-content/uploads/2020/05/Open_Forecast_HPC_Model_M04.pdf},
  urldate = {20.04.2022},
}

@electronic{top500,
  title = {TOP500 Supercomputer Sites (дата обр. 20.04.2022) -- URL:},
  url = {https://www.top500.org},
  urldate = {20.04.2022},
}

@electronic{MPI,
  title = {MPI Documents (дата обр. 20.04.2022) -- URL:},
  url = {https://www.mpi-forum.org/docs/},
  urldate = {20.04.2022},
}

@electronic{lustre_tests,
  title = {Test Descriptions - Lustre Wiki (дата обр. 20.04.2022) -- URL:},
  url = {https://wiki.lustre.org/Test_Descriptions},
  urldate = {20.04.2022},
}

@electronic{fio,
  title = {Test Descriptions - Lustre Wiki (дата обр. 20.04.2022) -- URL:},
  url = {https://github.com/axboe/fio/},
  urldate = {20.04.2022},
}

@inproceedings{Lawrencea2017ParallelIP,
  title={Parallel I/O Performance Benchmarking and Investigation on Multiple HPC Architectures},
  author={B. Lawrencea and C. Maynardb and Amanda Turnerc and X. L. Guoc and D. Sloan-Murphyc},
  year={2017}
}

@electronic{msc_10p,
  title = {Суперкомпьютер МВС-10П (дата обр. 20.04.2022) -- URL:},
  url = {https://niks.su/docs/vladimir2018/vladimir-ovsyannikov2018.pdf},
}

@inproceedings{Sebepou2008ACE,
  title={A Comparative Experimental Study of Parallel File Systems for Large-Scale Data Processing},
  author={Zoe Sebepou and Kostas Magoutis and Manolis Marazakis and Angelos Bilas},
  booktitle={LASCO},
  year={2008}
}

@article{Voevodin,
  title={Суперкомпьютеры: вчера, сегодня, завтра},
  author={Воеводин В.В.},
  journal={Наука и жизнь},
  pages={76--83},
  issue={5},
  year={2000}
}

@electronic{clustbench,
  title = {Clustbench -- HPC cluster benchmarking toolkit (дата обр. 26.02.2020)  -- URL:},
  url = {https://github.com/clustbench},
  urldate = {2018-02-26},
}

@article{instranalysis,
  author = {Сальников, {А.Н.} and Андреев, {Д.Ю.} and Лебедев, {Д.Ю.}},
  title = {Инструментальная система для анализа характеристик коммуникационной среды вычислительного кластера на основе функций стандарта {MPI}},
  year = {2012},
  journal = {Вестник Московского университета},
  number = {1},
  address = {М.},
  publisher = {издательство МГУ},
  language = {russian},
  pages = {39-48},
}

@electronic{Lawrencea2017ParallelIP_URL,
  title = {Parallel I/O Performance Benchmarking and Investigation on Multiple HPC Architectures -- URL:},
  url = {https://www.archer.ac.uk/documentation/white-papers/parallelIO-benchmarking/ARCHER-Parallel-IO-1.4.pdf},
  urldate = {29.06.2017},
}

@inproceedings{Rabenseifner2001ThePE,
  title={The Parallel Effective I/O Bandwidth Benchmark: b eff io. Parallel I},
  author={Rolf Rabenseifner and Alice E. Koniges and Jean-Pierre Prost and Richard Hedges},
  year={2001}
}

@article{Saini2006PerformanceEO,
  title={Performance evaluation of supercomputers using HPCC and IMB benchmarks},
  author={Subhash Saini and Robert Ciotti and Brian T. N. Gunney and Thomas E. Spelce and Alice E. Koniges and Don Dossa and Panagiotis A. Adamidis and Rolf Rabenseifner and Sunil R. Tiyyagura and Matthias S. M{\"u}ller and Rod A. Fatoohi},
  journal={Proceedings 20th IEEE International Parallel \& Distributed Processing Symposium},
  year={2006},
  pages={8 pp.-}
}

@inproceedings{Howison2010TuningHF,
  title={Tuning HDF5 for Lustre File Systems},
  author={Mark Howison and Quincey Koziol and David Knaak and John Mainzer and John Shalf},
  year={2010}
}

@article{Dickens2010AHP,
  title={A high performance implementation of MPI‐IO for a Lustre file system environment},
  author={Phillip M. Dickens and Jeremy S. Logan},
  journal={Concurrency and Computation: Practice and Experience},
  year={2010},
  volume={22}
}

@article{Yu2007ExploitingLF,
  title={Exploiting Lustre File Joining for Effective Collective IO},
  author={Weikuan Yu and Jeffrey S. Vetter and Shane Canon and Song Jiang},
  journal={Seventh IEEE International Symposium on Cluster Computing and the Grid (CCGrid '07)},
  year={2007},
  pages={267-274}
}
